<?xml version="1.0" encoding="UTF-8"?><collection xmlns="http://www.loc.gov/MARC21/slim"><record><leader>00526nam--2200181-i-4500</leader><controlfield tag="001">000018947</controlfield><controlfield tag="002">20161230</controlfield><controlfield tag="005">20161230201033</controlfield><controlfield tag="008">060222s1000------------r-----000-0-eng-d</controlfield><datafield ind1=" " ind2=" " tag="040"><subfield code="a">IFIN-HH</subfield></datafield><datafield ind1=" " ind2=" " tag="080"><subfield code="a">519.4:53</subfield></datafield><datafield ind1="1" ind2=" " tag="100"><subfield code="a">Falicov, L.M</subfield></datafield><datafield ind1="1" ind2="0" tag="245"><subfield code="a">Group theory and its physical applications</subfield><subfield code="b">Notes compiled by a. luehrmann</subfield><subfield code="c">L.m. falicov</subfield></datafield><datafield ind1=" " ind2=" " tag="260"><subfield code="a">Chicago</subfield><subfield code="b">University Of Chicago Press</subfield><subfield code="c">1966</subfield></datafield><datafield ind1=" " ind2=" " tag="300"><subfield code="a">224 P</subfield></datafield><datafield ind1=" " ind2=" " tag="490"><subfield code="a">Chicago Lectures In Physics</subfield></datafield><datafield ind1=" " ind2=" " tag="852"><subfield code="a">25967</subfield><subfield code="c">519.4/5</subfield></datafield><datafield ind1=" " ind2=" " tag="CAT"><subfield code="a">Sys</subfield><subfield code="c">20130812</subfield><subfield code="h">111729</subfield></datafield></record></collection>